<record><leader>00000cas a2200000 a 4500</leader><controlfield tag="001">8437450</controlfield><controlfield tag="008">820518d19391969vauwr ne      0   a0eng d</controlfield><datafield ind1=" " ind2=" " tag="010"><subfield code="a">sn 98068305 </subfield></datafield><datafield ind1=" " ind2=" " tag="040"><subfield code="a">VIC</subfield><subfield code="b">eng</subfield><subfield code="c">VIC</subfield><subfield code="d">NVK</subfield><subfield code="d">OCL</subfield><subfield code="d">OCLCQ</subfield><subfield code="d">OCLCF</subfield><subfield code="d">OCLCO</subfield></datafield><datafield ind1="1" ind2=" " tag="029"><subfield code="a">AU@</subfield><subfield code="b">000025927235</subfield></datafield><datafield ind1=" " ind2=" " tag="042"><subfield code="a">msc</subfield></datafield><datafield ind1=" " ind2=" " tag="090"><subfield code="a">LH1.R5</subfield><subfield code="b">P9</subfield></datafield><datafield ind1="0" ind2="4" tag="245"><subfield code="a">The Proscript.</subfield></datafield><datafield ind1=" " ind2=" " tag="260"><subfield code="a">Richmond, Va. :</subfield><subfield code="b">[s.n.],</subfield><subfield code="c">1939-1969.</subfield></datafield><datafield ind1=" " ind2=" " tag="300"><subfield code="a">v. :</subfield><subfield code="b">ill., ports. ;</subfield><subfield code="c">33 cm.</subfield></datafield><datafield ind1=" " ind2=" " tag="310"><subfield code="a">Weekly</subfield></datafield><datafield ind1=" " ind2=" " tag="321"><subfield code="a">Weekly, Oct. 23, 1946-</subfield></datafield><datafield ind1=" " ind2=" " tag="321"><subfield code="a">Biweekly, Jan. 12, 1943-May 29, 1946</subfield></datafield><datafield ind1="0" ind2=" " tag="362"><subfield code="a">Vol. 1, no. 1 (Nov. 22, 1939)-v. 49, no. 31 (May 23, 1969).</subfield></datafield><datafield ind1=" " ind2=" " tag="515"><subfield code="a">Vol. 1, nos. 1-3 (Nov. 2-Dec. 6, 1939) issued without title. "???" appeared in masthead.</subfield></datafield><datafield ind1=" " ind2=" " tag="515"><subfield code="a">Vol. 23, no. 1 (Sept. 15) 1947.</subfield></datafield><datafield ind1=" " ind2=" " tag="550"><subfield code="a">Published by the students of the Richmond Professional Institute, College of William and Mary (1940-1947); The Richmond Professional Institute and Virginia Polytechnic Institute cooperating (1947-1955); Richmond Professional Institute of the Colege of William and Mary &lt;1955-1962&gt;; Richmond Professional Institute, Sept. 21, 1962-May 24, 1968; Virginia Commonwealth University, Sept. 20, 1968-</subfield></datafield><datafield ind1=" " ind2="0" tag="650"><subfield code="a">College student newspapers and periodicals</subfield><subfield code="z">Virginia</subfield><subfield code="z">Richmond.</subfield></datafield><datafield ind1=" " ind2="0" tag="651"><subfield code="a">Richmond (Va.)</subfield><subfield code="v">Newspapers.</subfield></datafield><datafield ind1=" " ind2="7" tag="655"><subfield code="a">Newspapers.</subfield><subfield code="2">fast</subfield><subfield code="0">(OCoLC)fst01423814</subfield></datafield><datafield ind1=" " ind2="7" tag="650"><subfield code="a">College student newspapers and periodicals.</subfield><subfield code="2">fast</subfield><subfield code="0">(OCoLC)fst00867966</subfield></datafield><datafield ind1=" " ind2="7" tag="651"><subfield code="a">Virginia</subfield><subfield code="z">Richmond.</subfield><subfield code="2">fast</subfield><subfield code="0">(OCoLC)fst01205345</subfield></datafield><datafield ind1="2" ind2=" " tag="710"><subfield code="a">Richmond Professional Institute.</subfield></datafield><datafield ind1="2" ind2=" " tag="710"><subfield code="a">Virginia Commonwealth University.</subfield></datafield><datafield ind1=" " ind2=" " tag="752"><subfield code="a">United States</subfield><subfield code="b">Virginia</subfield><subfield code="d">Richmond.</subfield></datafield><datafield ind1="0" ind2="2" tag="780"><subfield code="t">Atlas</subfield><subfield code="w">(DLC)sn 98068297</subfield></datafield><datafield ind1="0" ind2="0" tag="785"><subfield code="t">Commonwealth times</subfield><subfield code="w">(DLC)sn 98068296</subfield></datafield></record>